@book{Allen,
 author = {Allen, M. P. and Tildesley, D. J.},
 title = {Computer Simulation of Liquids},
 year = {1989},
 isbn = {0-19-855645-4},
 publisher = {Clarendon Press},
 address = {New York, NY, USA},
 } 

@book{NumerikSkript,
  author = {Christian Kanzow},
  title = {Numerische Mathematik II},
  howpublished = {\url{http://www.mathematik.uni-wuerzburg.de/~kanzow/numerik/Numerik2_04.pdf}},
  year = {2005}, 
  note = "[Online; accessed 13-Oktober-2016]"
}

@book{euler,
  title={Institutiones calculi integralis},
  author={Euler, L.},
  url={http://books.google.de/books?id=Veq8nQEACAAJ},
  year={1768},
  publisher={Acad. Scientiarum}
}